<?xml version="1.0" encoding="UTF-8"?><collection xmlns="http://www.loc.gov/MARC21/slim"><record><leader>00410nam--2200121-i-4500</leader><controlfield tag="001">000019050</controlfield><controlfield tag="002">20161230</controlfield><controlfield tag="005">20161230201033</controlfield><controlfield tag="008">060222s1000------------r-----000-0-eng-d</controlfield><datafield ind1=" " ind2=" " tag="100"><subfield code="a">Elias,Arthur W</subfield></datafield><datafield ind1=" " ind2=" " tag="245"><subfield code="a">Technical information center administration tica conference, drexel institute of technology,philadelphia,pa., june 15-17,1964</subfield></datafield><datafield ind1=" " ind2=" " tag="260"><subfield code="a">Washington, Spartan Books, Inc., 1964. Vi + 171 P</subfield></datafield><datafield ind1=" " ind2=" " tag="852"><subfield code="a">26738</subfield></datafield></record></collection>